@book{Chalmers2022-CHARVW,
	address = {New York},
	author = {David John Chalmers},
	editor = {},
	publisher = {W. W. Norton},
	title = {Reality+: Virtual Worlds and the Problems of Philosophy},
	year = {2022}
}

@article{Wang_Siau_2024,
author = {Yuying Wang, Le Wang and Keng Leng Siau},
title = {Human-Centered Interaction in Virtual Worlds: A New Era of Generative Artificial Intelligence and Metaverse},
journal = {International Journal of Human–Computer Interaction},
volume = {0},
number = {0},
pages = {1--43},
year = {2024},
publisher = {Taylor \& Francis},
doi = {10.1080/10447318.2024.2316376},
URL = { https://doi.org/10.1080/10447318.2024.2316376},
eprint = {https://doi.org/10.1080/10447318.2024.2316376}
}


@Article{ijerph191811278,
AUTHOR = {Hamad, Ayah and Jia, Bochen},
TITLE = {How Virtual Reality Technology Has Changed Our Lives: An Overview of the Current and Potential Applications and Limitations},
JOURNAL = {International Journal of Environmental Research and Public Health},
VOLUME = {19},
YEAR = {2022},
NUMBER = {18},
ARTICLE-NUMBER = {11278},
URL = {https://www.mdpi.com/1660-4601/19/18/11278},
PubMedID = {36141551},
ISSN = {1660-4601},
DOI = {10.3390/ijerph191811278}
}

@book{Nozick1974-NOZASA,
	address = {New York},
	author = {Robert Nozick},
	publisher = {Basic Books},
	title = {Anarchy, State, and Utopia},
	year = {1974}
}

@article{Girvan2018,
AUTHOR = {Carina Girvan},
TITLE = {What is a virtual world? Definition and classification},
JOURNAL = {Education Technology Research and Development},
VOLUME = {66},
YEAR = {2018},
PAGES = {10877--1100},
PUBLISHER = {Springer},
DOI = {10.1007/s11423-018-9577-y},
URL = {https://link.springer.com/article/10.1007/s11423-018-9577-y#article-info}
}

@inbook{Stoll2014,
author = {Stoll, Laura},
publisher = {John Wiley and Sons, Ltd},
isbn = {9781118539415},
title = {A Short History of Wellbeing Research},
booktitle = {Wellbeing},
chapter = {2},
pages = {1-19},
doi = {https://doi.org/10.1002/9781118539415.wbwell098},
url = {https://onlinelibrary.wiley.com/doi/abs/10.1002/9781118539415.wbwell098},
year = {2014},
}

@InCollection{sep-authenticity,
	author       =	{Varga, Somogy and Guignon, Charles},
	title        =	{{Authenticity}},
	booktitle    =	{The {Stanford} Encyclopedia of Philosophy},
	editor       =	{Edward N. Zalta and Uri Nodelman},
	howpublished =	{\url{https://plato.stanford.edu/archives/sum2023/entries/authenticity/}},
	year         =	{2023},
	edition      =	{{S}ummer 2023},
	publisher    =	{Metaphysics Research Lab, Stanford University}
}

@article{slater2018immersion,
  title={Immersion and the illusion of presence in virtual reality},
  author={Slater, Mel},
  journal={British journal of psychology},
  volume={109},
  number={3},
  pages={431--433},
  year={2018}
}

@article{Ryan_Deci_2001,
   author = "Ryan, Richard M. and Deci, Edward L.",
   title = "On Happiness and Human Potentials: A Review of Research on Hedonic and Eudaimonic Well-Being", 
   journal= "Annual Review of Psychology",
   year = "2001",
   volume = "52",
   number = "Volume 52, 2001",
   pages = "141-166",
   doi = "https://doi.org/10.1146/annurev.psych.52.1.141",
   url = "https://www.annualreviews.org/content/journals/10.1146/annurev.psych.52.1.141",
   publisher = "Annual Reviews",
   issn = "1545-2085",
  }

@ARTICLE{Slater2020,
AUTHOR={Slater, Mel  and Gonzalez-Liencres, Cristina  and Haggard, Patrick  and Vinkers, Charlotte  and Gregory-Clarke, Rebecca  and Jelley, Steve  and Watson, Zillah  and Breen, Graham  and Schwarz, Raz  and Steptoe, William  and Szostak, Dalila  and Halan, Shivashankar  and Fox, Deborah  and Silver, Jeremy },
TITLE={The Ethics of Realism in Virtual and Augmented Reality},
JOURNAL={Frontiers in Virtual Reality},
VOLUME={1},
YEAR={2020},
URL={https://www.frontiersin.org/journals/virtual-reality/articles/10.3389/frvir.2020.00001},
DOI={10.3389/frvir.2020.00001},
ISSN={2673-4192},
}

@article{Chalmers2017-CHATVA-3,
	author = {David J. Chalmers},
	doi = {10.1515/disp-2017-0009},
	journal = {Disputatio},
	number = {46},
	pages = {309--352},
	publisher = {De Gruyter Open},
	title = {The Virtual and the Real},
	volume = {9},
	year = {2017}
}

@article{kahneman1999objective,
  title={Objective happiness},
  author={Kahneman, Daniel},
  journal={Well-Being: The Foundations of Hedonic Psychology/Russel Sage},
  year={1999}
}

@article{WANG2019136,
title = {Haptic display for virtual reality: progress and challenges},
journal = {Virtual Reality and Intelligent Hardware},
author = {Dangxiao Wang and Yuan GUO and Shiyi LIU and Yuru ZHANG and Weiliang XU and Jing XIAO},
volume = {1},
number = {2},
pages = {136-162},
year = {2019},
issn = {2096-5796},
doi = {https://doi.org/10.3724/SP.J.2096-5796.2019.0008},
url = {https://www.sciencedirect.com/science/article/pii/S2096579619300130},
}

@article{Bradford2016-BRAAWA-3,
	author = {Gwen Bradford},
	doi = {10.1111/phc3.12388},
	journal = {Philosophy Compass},
	number = {12},
	pages = {795--803},
	title = {Achievement, Wellbeing, and Value},
	volume = {11},
	year = {2016}
}

@article{James2005,
author = {Laurence James},
title = {Achievement and the Meaningfulness of Life},
journal = {Philosophical Papers},
volume = {34},
number = {3},
pages = {429--442},
year = {2005},
publisher = {Routledge},
doi = {10.1080/05568640509485166},
URL = {https://doi.org/10.1080/05568640509485166},
}

@article{McAdams2013,
author = {Dan P. McAdams},
title ={The Psychological Self as Actor, Agent, and Author},
journal = {Perspectives on Psychological Science},
volume = {8},
number = {3},
pages = {272-295},
year = {2013},
doi = {10.1177/1745691612464657},
URL = {https://doi.org/10.1177/1745691612464657},
eprint = {https://doi.org/10.1177/1745691612464657},
}

@ARTICLE{Lin2022,
AUTHOR={Lin, Jinghuai  and Latoschik, Marc Erich },
TITLE={Digital body, identity and privacy in social virtual reality: A systematic review},
JOURNAL={Frontiers in Virtual Reality},
VOLUME={3},
YEAR={2022},
URL={https://www.frontiersin.org/journals/virtual-reality/articles/10.3389/frvir.2022.974652},
DOI={10.3389/frvir.2022.974652},
ISSN={2673-4192},
}

@article{Hindriks2018,
author = {Frank Hindriks and Igor Douven},
title = {Nozick’s experience machine: An empirical study},
journal = {Philosophical Psychology},
volume = {31},
number = {2},
pages = {278--298},
year = {2018},
publisher = {Routledge},
doi = {10.1080/09515089.2017.1406600},
URL = {https://doi.org/10.1080/09515089.2017.1406600},
eprint = {https://doi.org/10.1080/09515089.2017.1406600}
}

@article{Gilbert2005,
author = {Timothy D. Wilson and Daniel T. Gilbert},
title ={Affective Forecasting: Knowing What to Want},
journal = {Current Directions in Psychological Science},
volume = {14},
number = {3},
pages = {131-134},
year = {2005},
doi = {10.1111/j.0963-7214.2005.00355.x},
URL = {https://doi.org/10.1111/j.0963-7214.2005.00355.x},
eprint = {https://doi.org/10.1111/j.0963-7214.2005.00355.x},
}

