@article{Maudlin_2014,
doi = {10.1088/1751-8113/47/42/424010},
url = {https://dx.doi.org/10.1088/1751-8113/47/42/424010},
year = {2014},
month = {oct},
publisher = {IOP Publishing},
volume = {47},
number = {42},
pages = {424010},
author = {Maudlin, Tim},
title = {What Bell did},
journal = {Journal of Physics A: Mathematical and Theoretical}
}
@book{Lange_2002,
  author = {Marc Lange},
  publisher = {Blackwell Publishing},
  title = {An Introduction to the Philosophy of Physics},
  year = {2002}
}
@article{EPR_1935,
  title = {Can Quantum-Mechanical Description of Physical Reality Be Considered Complete?},
  author = {Einstein, A. and Podolsky, B. and Rosen, N.},
  journal = {Phys. Rev.},
  volume = {47},
  issue = {10},
  pages = {777--780},
  numpages = {0},
  year = {1935},
  month = {May},
  publisher = {American Physical Society},
  doi = {10.1103/PhysRev.47.777},
  url = {https://link.aps.org/doi/10.1103/PhysRev.47.777}
}
@article{Bell_1964,
  title = {On the Einstein Podolsky Rosen paradox},
  author = {Bell, J. S.},
  journal = {Physics Physique Fizika},
  volume = {1},
  issue = {3},
  pages = {195--200},
  numpages = {6},
  year = {1964},
  month = {Nov},
  publisher = {American Physical Society},
  doi = {10.1103/PhysicsPhysiqueFizika.1.195},
  url = {https://link.aps.org/doi/10.1103/PhysicsPhysiqueFizika.1.195}
}
@article{Lewis_1973,
  title={Causation},
  author={Lewis, David},
  journal={The Journal of Philosophy},
  volume={70},
  number={17},
  pages={556--567},
  year={1973},
  publisher={Journal of Philosophy, Inc.}
}
@article{Pearl_1995,
  title={Causal Diagrams for Empirical Research},
  author={Pearl, Judea},
  journal={Biometrika},
  volume={82},
  number={4},
  pages={669--688},
  year={1995},
  publisher={Oxford University Press}
}
@incollection{Geiger_1990,
  title={On the Logic of Causal Models},
  series={Machine Intelligence and Pattern Recognition},
  publisher={North-Holland},
  volume={9},
  pages={3-14},
  year={1990},
  booktitle={Uncertainty in Artificial Intelligence},
  issn={0923-0459},
  url={https://www.sciencedirect.com/science/article/pii/B9780444886507500068},
  author={Dan Geiger and Judea Pearl}
}
@book{Wallace_2012,
  author = {Wallace, David},
  title = {The Emergent Multiverse: Quantum Theory according to the Everett Interpretation},
  year = {2012},
  publisher = {Oxford University Press},
  address = {Oxford},
  isbn = {978-0-19-954696-1}
}
@article{Sebens_2018,
   title={Self-locating Uncertainty and the Origin of Probability in Everettian Quantum Mechanics},
   volume={69},
   ISSN={1464-3537},
   url={http://dx.doi.org/10.1093/bjps/axw004},
   DOI={10.1093/bjps/axw004},
   number={1},
   journal={The British Journal for the Philosophy of Science},
   publisher={University of Chicago Press},
   author={Sebens, Charles T. and Carroll, Sean M.},
   year={2018},
   month=mar, pages={25â€“74}
}
@article{NeyForthcoming,
	author = {Alyssa Ney},
	journal = {Journal of Philosophy},
	title = {The Argument From Locality for Many Worlds Quantum Mechanics},
	year = {forthcoming}
}
