@article{EPR_1935,
  title={Can Quantum-Mechanical Description of Physical Reality Be Considered Complete?},
  author={Einstein, Albert and Podolsky, Boris and Rosen, Nathan},
  journal={Physical Review},
  volume={47},
  number={10},
  pages={777--780},
  year={1935},
  publisher={American Physical Society}
}
@article{Bell_1964,
  title={On the Einstein Podolsky Rosen Paradox},
  author={Bell, John S.},
  journal={Physics Physique},
  volume={1},
  number={3},
  pages={195--200},
  year={1964},
  publisher={Physics Publishing}
}
@book{Griffiths_2020,
  title={Introduction to Quantum Mechanics},
  author={Griffiths, David J. and Schroeter, Darrell F.},
  year={2020},
  edition={3rd},
  publisher={Cambridge University Press},
  isbn={9781107189638}
}
@misc{GHZ_2007,
    title={Going Beyond Bell's Theorem}, 
    author={Daniel M. Greenberger and Michael A. Horne and Anton Zeilinger},
    year={2007},
    eprint={0712.0921},
    archivePrefix={arXiv},
    primaryClass={quant-ph},
    url={https://arxiv.org/abs/0712.0921}, 
}
@article{Lewis_1973,
  title={Causation},
  author={Lewis, David},
  journal={The Journal of Philosophy},
  volume={70},
  number={17},
  pages={556--567},
  year={1973},
  publisher={Journal of Philosophy, Inc.}
}
@article{Pearl_1995,
  title={Causal Diagrams for Empirical Research},
  author={Pearl, Judea},
  journal={Biometrika},
  volume={82},
  number={4},
  pages={669--688},
  year={1995},
  publisher={Oxford University Press}
}
